@article{kajita14,
    author    = "Shuuji Kajita and Hirohisa Hirukawa and Kensuke Harada and Kazuhito Yokoi",
    title     = "Introduction to Humanoid Robotics",
    year      = "2014",
    publisher = "Springer",
}
